@Article{an2018semaxis,
  title = {Semaxis: A lightweight framework to characterize domain-specific word semantics beyond sentiment},
  author = {Jisun An and Haewoon Kwak and Yong-Yeol Ahn},
  journal = {arXiv preprint arXiv:1806.05521},
  year = {2018},
  doi={10.18653/v1/p18-1228},
}

@InProceedings{antoniak2021bad,
  title = {Bad seeds: Evaluating lexical methods for bias measurement},
  author = {Maria Antoniak and David Mimno},
  booktitle = {{Proceedings of the 59th Annual Meeting of the Association for Computational Linguistics and the 11th International Joint Conference on Natural Language Processing (Volume 1: Long Papers)}},
  pages = {1889--1904},
  year = {2021},
  doi={10.18653/v1/2021.acl-long.148}
}

@Article{arendt:2013:DDM,
  author = {Florian Arendt},
  title = {Dose-Dependent Media Priming Effects of Stereotypic
                  Newspaper Articles on Implicit and Explicit
                  Stereotypes},
  year = {2013},
  volume = {63},
  number = {5},
  month = {Sep},
  pages = {830–851},
  issn = {0021-9916},
  doi = {10.1111/jcom.12056},
  url = {http://dx.doi.org/10.1111/jcom.12056},
  journal = {Journal of Communication},
  publisher = {Oxford University Press (OUP)},
}

@InProceedings{badilla2020wefe,
  title = {WEFE: The Word Embeddings Fairness Evaluation Framework.},
  author = {Pablo Badilla and Felipe Bravo-Marquez and Jorge P{\a'e}rez},
  booktitle = {IJCAI},
  pages = {430--436},
  year = {2020},
  doi={10.24963/ijcai.2020/60}
}

@Article{boyarskaya2020overcoming,
  title = {{Overcoming Failures of Imagination in AI Infused System Development and Deployment}},
  author = {Margarita Boyarskaya and Alexandra Olteanu and Kate Crawford},
  journal = {arXiv preprint arXiv:2011.13416},
  year = {2020},
}

@InProceedings{brunet2019understanding,
  title = {Understanding the origins of bias in word embeddings},
  author = {Marc-Etienne Brunet and Colleen Alkalay-Houlihan and Ashton Anderson and Richard Zemel},
  booktitle = {International Conference on Machine Learning},
  pages = {803--811},
  year = {2019},
}

@Article{caliskan:2017:S,
  author = {Aylin Caliskan and Joanna J. Bryson and Arvind Narayanan},
  title = {Semantics derived automatically from language
                  corpora contain human-like biases},
  year = {2017},
  volume = {356},
  number = {6334},
  month = {Apr},
  pages = {183–186},
  issn = {1095-9203},
  doi = {10.1126/science.aal4230},
  url = {http://dx.doi.org/10.1126/science.aal4230},
  journal = {Science},
  publisher = {American Association for the Advancement of Science
                  (AAAS)},
}

@Article{du2021assessing,
  title = {Assessing the Reliability of Word Embedding Gender Bias Measures},
  author = {Yupei Du and Qixiang Fang and Dong Nguyen},
  journal = {arXiv preprint arXiv:2109.04732},
  year = {2021},
  doi={10.18653/v1/2021.emnlp-main.785}
}

@Article{garg:2018:W,
  author = {Nikhil Garg and Londa Schiebinger and Dan Jurafsky and James Zou},
  title = {Word embeddings quantify 100 years of gender and
                  ethnic stereotypes},
  year = {2018},
  volume = {115},
  number = {16},
  month = {Apr},
  pages = {E3635–E3644},
  issn = {1091-6490},
  doi = {10.1073/pnas.1720347115},
  url = {http://dx.doi.org/10.1073/pnas.1720347115},
  journal = {Proceedings of the National Academy of Sciences},
  publisher = {Proceedings of the National Academy of Sciences},
}

@InProceedings{knoche2019identifying,
  title = {Identifying biases in politically biased wikis through word embeddings},
  author = {Markus Knoche and Radomir Popovi{\a'c} and Florian Lemmerich and Markus Strohmaier},
  booktitle = {{Proceedings of the 30th ACM conference on hypertext and social media}},
  pages = {253--257},
  year = {2019},
  doi={10.1145/3342220.3343658}
}

@Article{kroon2020guilty,
  title = {Guilty by Association: Using Word Embeddings to Measure Ethnic Stereotypes in News Coverage},
  author = {Anne C. Kroon and Damian Trilling and Tamara Raats},
  journal = {Journalism \& Mass Communication Quarterly},
  pages = {1077699020932304},
  year = {2020},
  publisher = {SAGE Publications Sage CA: Los Angeles, CA},
  doi = {10.1177/1077699020932304},
}

@Article{manzini2019black,
  title = {Black is to criminal as caucasian is to police: Detecting and removing multiclass bias in word embeddings},
  author = {Thomas Manzini and Yao Chong Lim and Yulia Tsvetkov and Alan W Black},
  journal = {arXiv preprint arXiv:1904.04047},
  year = {2019},
  doi={10.18653/v1/n19-1062}
}

@InProceedings{mikolov2013distributed,
  title = {Distributed representations of words and phrases and their compositionality},
  author = {Tomas Mikolov and Ilya Sutskever and Kai Chen and Greg S Corrado and Jeff Dean},
  booktitle = {Advances in neural information processing systems},
  pages = {3111--3119},
  year = {2013},
}

@Article{nosek:2005:UUI,
  author = {Brian A. Nosek and Anthony G. Greenwald and Mahzarin R. Banaji},
  title = {{Understanding and Using the Implicit Association
                  Test: II. Method Variables and Construct Validity}},
  year = {2005},
  volume = {31},
  number = {2},
  month = {Feb},
  pages = {166–180},
  issn = {1552-7433},
  doi = {10.1177/0146167204271418},
  url = {http://dx.doi.org/10.1177/0146167204271418},
  journal = {Personality and Social Psychology Bulletin},
  publisher = {SAGE Publications},
}

@Misc{packer2018text,
  title = {Text Embeddings Contain Bias. Here's Why That Matters.},
  author = {Ben Packer and M Mitchell and Mario Guajardo-C{\a'e}spedes and Yoni Halpern},
  year = {2018},
  url = {https://developers.googleblog.com/2018/04/text-embedding-models-contain-bias.html},
}

@Article{pennington:2014:G,
  author = {Jeffrey Pennington and Richard Socher and Christopher Manning},
  title = {Glove: Global Vectors for Word Representation},
  year = {2014},
  doi = {10.3115/v1/d14-1162},
  url = {http://dx.doi.org/10.3115/v1/d14-1162},
  journal = {Proceedings of the 2014 Conference on Empirical
                  Methods in Natural Language Processing (EMNLP)},
  publisher = {Association for Computational Linguistics},
}

@Manual{rcore,
  title = {R: A Language and Environment for Statistical Computing},
  author = {{R Core Team}},
  organization = {R Foundation for Statistical Computing},
  address = {Vienna, Austria},
  year = {2021},
  url = {https://www.R-project.org/},
}

@Manual{rsparse,
  title = {rsparse: Statistical Learning on Sparse Matrices},
  author = {Dmitriy Selivanov},
  year = {2020},
  note = {R package version 0.4.0},
  url = {https://CRAN.R-project.org/package=rsparse},
}

@InProceedings{sales2019media,
  title = {Media bias characterization in brazilian presidential elections},
  author = {Allan Sales and Leandro Balby and Adriano Veloso},
  booktitle = {Proceedings of the 30th ACM Conference on Hypertext and Social Media},
  pages = {231--240},
  year = {2019},
  doi = {10.1145/3345645.3351107},
}

@Manual{selivanov2020tex2vec,
  title = {text2vec: Modern Text Mining Framework for {R}},
  author = {Dmitriy Selivanov and Manuel Bickel and Qing Wang},
  year = {2020},
  note = {R package version 0.6},
  url = {https://CRAN.R-project.org/package=text2vec},
}

@InProceedings{sweeney2020reducing,
  title = {Reducing sentiment polarity for demographic attributes in word embeddings using adversarial learning},
  author = {Chris Sweeney and Maryam Najafian},
  booktitle = {{Proceedings of the 2020 Conference on Fairness, Accountability, and Transparency}},
  pages = {359--368},
  year = {2020},
  doi={10.1145/3351095.3372837}
}

@Manual{wijffelsword2vec,
  title = {word2vec: Distributed Representations of Words},
  author = {Jan Wijffels},
  year = {2021},
  note = {R package version 0.3.4},
  url = {https://CRAN.R-project.org/package=word2vec},
}

@Article{eddelbuettel:2013:SRC,
  author       = {Eddelbuettel, Dirk},
  title	       = {{Seamless R and C++ Integration with Rcpp}},
  year	       = 2013,
  doi	       = {10.1007/978-1-4614-6868-4},
  url	       = {http://dx.doi.org/10.1007/978-1-4614-6868-4},
  isbn	       = 9781461468684,
  publisher    = {Springer New York}
}

@inproceedings{dev2019attenuating,
  title={Attenuating bias in word vectors},
  author={Dev, Sunipa and Phillips, Jeff},
  booktitle={The 22nd International Conference on Artificial Intelligence and Statistics},
  pages={879--887},
  year={2019},
  organization={PMLR}
}

@article{collobert2011natural,
  title={Natural language processing (almost) from scratch},
  author={Collobert, Ronan and Weston, Jason and Bottou, L{\'e}on and Karlen, Michael and Kavukcuoglu, Koray and Kuksa, Pavel},
  journal={Journal of machine learning research},
  volume={12},
  number={ARTICLE},
  pages={2493--2537},
  year={2011}
}

@article{jing2021characterizing,
  title={Characterizing partisan political narrative frameworks about {COVID-19} on {Twitter}},
  author={Jing, Elise and Ahn, Yong-Yeol},
  journal={EPJ data science},
  volume={10},
  number={1},
  pages={53},
  year={2021},
  publisher={Springer Berlin Heidelberg},
  doi={10.1140/epjds/s13688-021-00308-4}
}

@article{benoit2018quanteda,
  title={quanteda: An {R} package for the quantitative analysis of textual data},
  author={Benoit, Kenneth and Watanabe, Kohei and Wang, Haiyan and Nulty, Paul and Obeng, Adam and M{\"u}ller, Stefan and Matsuo, Akitaka},
  journal={Journal of Open Source Software},
  volume={3},
  number={30},
  pages={774},
  year={2018},
  doi={10.21105/joss.00774}
}
